@article{article,
author = {Pouransari, Hadi and Darve, Eric},
year = {2015},
month = {03},
pages = {A1040-A1066},
title = {Optimizing the Adaptive Fast Multipole Method for Fractal Sets},
volume = {37},
journal = {SIAM Journal on Scientific Computing},
doi = {10.1137/140962681}
}